@inbook{disp2019_ad,
  address       = {São Paulo},
  booktitle     = {Entendendo o Meio Ambiente},
  org-short     = {S\~ao Paulo {(Estado)}},
  organization  = {S\~ao Paulo {(Estado). Secretaria do Meio Ambiente}},
  publisher     = {Secretaria do Meio Ambiente},
  title         = {Tratados e organizações ambientais em matéria de meio ambiente},
  url           = {http://www.bdt.org.br/sma/entendendo/atual.htm},
  urlaccessdate = {8 mar. 1999},
  volume        = {1},
  year          = {1999}
}

@inbook{disp2019_nm,
  address       = {São Paulo},
  booktitle     = {Entendendo o Meio Ambiente},
  org-short     = {S\~ao Paulo {(Estado)}},
  organization  = {S\~ao Paulo {(Estado). Secretaria do Meio Ambiente}},
  publisher     = {Secretaria do Meio Ambiente},
  title         = {Tratados e organizações ambientais em matéria de meio ambiente},
  url           = {http://www.bdt.org.br/sma/entendendo/atual.htm},
  urlaccessdate = {8 mar. 1999},
  volume        = {1},
  year          = {1999}
}

@phdthesis{aguiar2019_nm,
  address = {São Paulo},
  author  = {AGUIAR, André Andrade de.},
  school  = {Faculdade de Medicina, Universidade de São Paulo},
  title   = {Avaliação da microbiota bucal em pacientes sob uso crônico de penicilina e benzatina},
  type    = {Doutorado em Cardiologia},
  year    = {2009}
}

@phdthesis{aguiar2019_ad,
  address = {São Paulo},
  author  = {André Andrade de Aguiar},
  school  = {Faculdade de Medicina, Universidade de São Paulo},
  title   = {Avaliação da microbiota bucal em pacientes sob uso crônico de penicilina e benzatina},
  type    = {Doutorado em Cardiologia},
  year    = {2009}
}

@book{bauman1999_ad,
  address   = {Rio de Janeiro},
  author    = {BAUMAN, Zygmunt},
  publisher = {Jorge Zahar},
  title     = {Globalização: as consequências humanas},
  year      = {1999}
}

@book{bauman1999_nm,
  address   = {Rio de Janeiro},
  author    = {BAUMAN, Zygmunt},
  publisher = {Jorge Zahar},
  title     = {Globalização: as consequências humanas},
  year      = {1999}
}

@article{vet2011_nm,
  address = {São Paulo},
  author  = {DOREA, R. D. and COSTA, J. N. and FERREIRA, M. M. and MENEZES, R. V. and SOUZA, T. S.},
  journal = {Veterinária e Zootecnia},
  note    = {Supl. 3},
  number  = {4},
  pages   = {199-202},
  title   = {Reticuloperitonite traumática associada à esplenite e hepatite em bovino: relato de caso},
  volume  = {18},
  year    = {2011}
}