@misc{tortinhas,
  author = {Tortinhas Quixotescas},
  title  = {Modelos de LATEX},
  url    = {https://github.com/gabdumal/modelo_latex_ufjf},
  year   = {2024}
}
